<?xml version="1.0" encoding="UTF-8"?>
<record xmlns="http://www.loc.gov/MARC21/slim" xmlns:xsi="http://www.w3.org/2001/XMLSchema-instance" xsi:schemaLocation="http://www.loc.gov/MARC21/slim http://www.loc.gov/standards/marcxml/schema/MARC21slim.xsd">
<leader>     nam a22003971  4500</leader>
<controlfield tag="001">001684894</controlfield>
<controlfield tag="003">NNU</controlfield>
<controlfield tag="005">20061010173245.0</controlfield>
<controlfield tag="008">000821r19631923iq a          000 0 ara</controlfield>
<datafield tag="010" ind1=" " ind2=" ">
<subfield code="a">ne 64002019</subfield>
</datafield>
<datafield tag="035" ind1="9" ind2=" ">
<subfield code="a">NYUb12228330</subfield>
</datafield>
<datafield tag="035" ind1=" " ind2=" ">
<subfield code="a">(NNU)NYUb12228330</subfield>
</datafield>
<datafield tag="040" ind1=" " ind2=" ">
<subfield code="a">DLC</subfield>
<subfield code="c">WaU</subfield>
<subfield code="d">WaU</subfield>
<subfield code="d">MH</subfield>
<subfield code="d">CStRLIN</subfield>
<subfield code="d">CtY</subfield>
</datafield>
<datafield tag="050" ind1="0" ind2=" ">
<subfield code="a">G93</subfield>
<subfield code="b">.D5 1923a</subfield>
</datafield>
<datafield tag="066" ind1=" " ind2=" ">
<subfield code="c">(3</subfield>
</datafield>
<datafield tag="090" ind1=" " ind2=" ">
<subfield code="a">G93</subfield>
<subfield code="b">.D5 1963</subfield>
</datafield>
<datafield tag="100" ind1="1" ind2=" ">
<subfield code="a">Dimashqī, Shams al-Dīn Muḥammad ibn Abī Ṭālib,</subfield>
<subfield code="d">1256 or 7-1327</subfield>
<subfield code="6">880-01</subfield>
</datafield>
<datafield tag="240" ind1="1" ind2="0">
<subfield code="6">880-02</subfield>
<subfield code="a">Nukhbat al-dahr fī ʻajāʼib al-barr wa-al-bahr</subfield>
</datafield>
<datafield tag="245" ind1="1" ind2="0">
<subfield code="6">880-03</subfield>
<subfield code="a">Nukhbat ad dahr fî ʼadschâʼib al barr wal bahr :</subfield>
<subfield code="b">cosmographie /</subfield>
<subfield code="c">publ. par A. Mehren.</subfield>
</datafield>
<datafield tag="260" ind1=" " ind2=" ">
<subfield code="6">880-04</subfield>
<subfield code="a">[Baghdād :</subfield>
<subfield code="b">Yuṭlabu min Maktabat al-Muthanná,</subfield>
<subfield code="c">1963?]</subfield>
</datafield>
<datafield tag="300" ind1=" " ind2=" ">
<subfield code="a">xc, 285 p. :</subfield>
<subfield code="b">ill. ;</subfield>
<subfield code="c">30 cm.</subfield>
</datafield>
<datafield tag="490" ind1="1" ind2=" ">
<subfield code="a">Collectio editinum rariorum orientalium. Noviter impressarum ;</subfield>
<subfield code="v">2</subfield>
</datafield>
<datafield tag="500" ind1=" " ind2=" ">
<subfield code="a">Title from p. [ii]</subfield>
</datafield>
<datafield tag="500" ind1=" " ind2=" ">
<subfield code="a">At head of title: Ed-Dimichqui.</subfield>
</datafield>
<datafield tag="500" ind1=" " ind2=" ">
<subfield code="a">Cover title: Nukhbat al-dahr fī ʻajāʼib al-barr wa-al-barr wa-al-bahr, taʼlīf Shams al-Dīn Abī ʻAbd Allāh Muḥammad ibn Abī Ṭālib al-Anṣārī al-Dimashqī al-maʻrūf bi-Shaykh al-Rubwah.</subfield>
</datafield>
<datafield tag="500" ind1=" " ind2=" ">
<subfield code="a">Photocopy of the Leipzig ed., which is itself a photocopy of the original publication (St. Petersburg, 1866); t.p. of original publication omitted.</subfield>
</datafield>
<datafield tag="650" ind1=" " ind2="0">
<subfield code="a">Cosmography</subfield>
<subfield code="v">Early works to 1800.</subfield>
</datafield>
<datafield tag="650" ind1=" " ind2="0">
<subfield code="a">Geography, Arab</subfield>
<subfield code="v">Early works to 1800.</subfield>
</datafield>
<datafield tag="650" ind1=" " ind2="0">
<subfield code="a">Geography, Medieval.</subfield>
</datafield>
<datafield tag="700" ind1="1" ind2=" ">
<subfield code="a">Mehren, A. F.</subfield>
<subfield code="q">(August Ferdinand),</subfield>
<subfield code="d">1822-1907</subfield>
<subfield code="6">880-05</subfield>
</datafield>
<datafield tag="880" ind1="1" ind2=" ">
<subfield code="6">100-01/</subfield>
<subfield code="a">دمشقي، شمس الدين محمد بن أبي طالب.</subfield>
</datafield>
<datafield tag="880" ind1="1" ind2="0">
<subfield code="6">240-02/</subfield>
<subfield code="a">نخبة الدهر في عجائب البر والبحر</subfield>
</datafield>
<datafield tag="880" ind1="1" ind2="0">
<subfield code="6">245-03/</subfield>
<subfield code="a">نخبة الدهر في عجائب البر والبحر /</subfield>
<subfield code="c">تأليف شمس الدين أبي عبد الله محمد بن أبي طالب الأنصاري الدمشقي المعروف بشيخ الربوة.</subfield>
</datafield>
<datafield tag="880" ind1=" " ind2=" ">
<subfield code="6">260-04/</subfield>
<subfield code="a">[بغداد :</subfield>
<subfield code="b">يطلب من مكتبة المثنى،</subfield>
<subfield code="c">1963?]</subfield>
</datafield>
<datafield tag="880" ind1="1" ind2=" ">
<subfield code="6">700-05/</subfield>
<subfield code="a">مهرني، ميخائيل بن يحيى.</subfield>
</datafield>
<datafield tag="830" ind1=" " ind2="0">
<subfield code="a">Collectio editinum rariorum orientalium.</subfield>
<subfield code="p">Noviter impressarum ;</subfield>
<subfield code="v">2.</subfield>
</datafield>
<datafield tag="OWN" ind1=" " ind2=" ">
<subfield code="a">GENERAL</subfield>
</datafield>
<datafield tag="998" ind1=" " ind2=" ">
<subfield code="a">20010429</subfield>
<subfield code="d">20010429</subfield>
<subfield code="d">20010429</subfield>
<subfield code="n">NNU</subfield>
<subfield code="s">6</subfield>
<subfield code="t">c</subfield>
<subfield code="z">e</subfield>
</datafield>
<datafield tag="AVA" ind1=" " ind2=" ">
<subfield code="a">NYU50</subfield>
<subfield code="b">BOBST</subfield>
<subfield code="c">Main Collection</subfield>
<subfield code="d">G93 .D5 1963</subfield>
<subfield code="e">unavailable</subfield>
<subfield code="t">Unavailable</subfield>
<subfield code="f">1</subfield>
<subfield code="g">1</subfield>
<subfield code="h">N</subfield>
<subfield code="i">2</subfield>
<subfield code="j">MAIN</subfield>
<subfield code="k">0</subfield>
</datafield>
</record>
